@article{Brette2007,
author = {Brette, Romain and Rudolph, Michelle and Carnevale, Ted and Hines, Michael and Beeman, David and Bower, James M. and Diesmann, Markus and Morrison, Abigail and Goodman, Philip H. and Harris, Frederick C. and Zirpe, Milind and Natschl{\"{a}}ger, Thomas and Pecevski, Dejan and Ermentrout, Bard and Djurfeldt, Mikael and Lansner, Anders and Rochel, Olivier and Vieville, Thierry and Muller, Eilif and Davison, Andrew P. and {El Boustani}, Sami and Destexhe, Alain},
doi = {10.1007/s10827-007-0038-6},
file = {:Users/plaggm/Google Drive/ResearchPapers/Brette et al/Journal of Computational Neuroscience/Brette et al.{\_}2007{\_}Simulation of networks of spiking neurons A review of tools and strategies.pdf:pdf},
issn = {1573-6873},
journal = {Journal of Computational Neuroscience},
number = {3},
pages = {349--398},
title = {{Simulation of networks of spiking neurons: A review of tools and strategies}},
url = {http://link.springer.com/10.1007/s10827-007-0038-6},
volume = {23},
year = {2007}
}
